00525cas a22002051a 4500
001 9917738053502836
003 Nz
005 20161223172956.0
008 040112m18981899nz  r ne      000 0 eng d
035    $a (Nz)8180919
035    $a (NLNZils)1773805-ilsdb
040    $a WN $c WN
042    $a nznb
043    $a u-nz---
245 00 $a Pleasant Point mail.
260    $a Pleasant Point [N.Z.]
310    $a Three no. a week
362 0  $a 1898?-1899?
651  0 $a Pleasant Point (N.Z.) $v Newspapers.
655  7 $a New Zealand newspapers. $2 local $5 Nz
